

@Article{leonel04,
  author = 	 {Alencar, L. F. de},
  title = 	 {Complementos verbais oracionais -- uma análise léxico-funcional},
  journal = 	 {Lingua(gem)},
  year = 	 {2004},
  OPTkey = 	 {},
  volume =	 {1},
  number =	 {1},
  pages =	 {173--218},
  OPTmonth = 	 {},
  address  =     {Santa Maria, RS},
  OPTnote = 	 {},
  OPTannote = 	 {}
}

@Article{off-the-box,
  author = 	 {Jo{\~a}o Silva and Ant\^onio Branco and S\'ergio Castro and Ruben Reis},
  title = 	 {Out-of-the-Box Robust Parsing of Portuguese},
  journal = 	 {Lecture Notes in Artificial Intelligence},
  year = 	 {2010},
  OPTkey = 	 {},
  address = {Berlin},
  publisher = {Springer},
  OPTvolume = 	 {},
  OPTnumber = 	 {},
  pages =	 {86--89},
  OPTmonth = 	 {},
  OPTnote = 	 {},
  OPTannote = 	 {}
}

@InProceedings{sumo,
  author = 	 {Niles, I. and Pease, A.},
  title = 	 {Towards a Standard Upper Ontology},
  OPTcrossref =  {},
  OPTkey = 	 {},
  booktitle =	 {Proceedings of the 2nd International Conference on Formal Ontology in Information Systems (FOIS-2001)},
  pages =	 {17--19},
  year =	 {2001},
  editor =	 {Chris Welty and Barry Smith},
  OPTvolume = 	 {},
  OPTnumber = 	 {},
  OPTseries = 	 {},
  address =	 {Ogunquit, Maine},
  month =	 {October},
  OPTorganization = {},
  OPTpublisher = {},
  note =	 {See also \url{http://www.ontologyportal.org}},
  OPTannote = 	 {}
}

@InProceedings{verbnet,
  author = 	 {Karin Kipper and Anna Korhonen and Neville Ryant and Martha Palmer},
  title = 	 {Extending VerbNet with Novel Verb Classes},
  OPTcrossref =  {},
  OPTkey = 	 {},
  booktitle =	 {Proceedings of Fifth International Conference on Language Resources and Evaluation (LREC 2006)},
  OPTpages = 	 {},
  year =	 {2006},
  OPTeditor = 	 {},
  OPTvolume = 	 {},
  OPTnumber = 	 {},
  OPTseries = 	 {},
  address =	 {Genoa, Italy},
  month =	 {June},
  OPTorganization = {},
  OPTpublisher = {},
  OPTnote = 	 {},
  OPTannote = 	 {}
}

@InProceedings{frenchnomlex,
  author = 	 {A. Balvet and L. Barque and M. H. Condette and P. Haas and R. Huyghe and R. Marn and A. Merlo},
  title = 	 {Nomage: an electronic lexicon of French deverbal nouns based on a semantically annotated corpus},
  OPTcrossref =  {},
  OPTkey = 	 {},
  booktitle =	 {Proceedings of the First International Workshop on Lexical Resources},
  OPTpages = 	 {},
  year =	 {2011},
  OPTeditor = 	 {},
  OPTvolume = 	 {},
  OPTnumber = 	 {},
  OPTseries = 	 {},
  address =	 {Ljubljana, Slovenia},
  OPTmonth = 	 {},
  OPTorganization = {},
  OPTpublisher = {},
  OPTnote = 	 {},
  OPTannote = 	 {}
}

@InProceedings{spanishnomlex,
  author = 	 {Aina Peris and Mariona Taule and Horacio Rodriguez},
  title = 	 {Semantic Annotation of Deverbal Nominalizations in the Spanish corpus {AnCora}},
  OPTcrossref =  {},
  OPTkey = 	 {},
  booktitle =	 {Proceedings of The Ninth International Workshop on Treebanks and Linguistic Theories (TLT9)},
  OPTpages = 	 {},
  year =	 {2010},
  OPTeditor = 	 {},
  OPTvolume = 	 {},
  OPTnumber = 	 {},
  OPTseries = 	 {},
  address =	 {University of Tartu, Estonia},
  OPTmonth = 	 {},
  OPTorganization = {},
  OPTpublisher = {},
  OPTnote = 	 {},
  OPTannote = 	 {}
}

@InProceedings{bridge,
  author = 	 {Daniel G. Bobrow and Bob Cheslow and Cleo Condoravdi and Lauri Karttunen and Tracy H. King and Rowan Nairn 
                  and Valeria de Paiva and Charlotte Price and Annie Zaenen},
  title = 	 {{PARC}'s Bridge and Question Answering System},
  OPTcrossref =  {},
  OPTkey = 	 {},
  booktitle =	 {Proceedings of Grammar Engineering Across Frameworks},
  pages =	 {26--45},
  year =	 {2007},
  OPTeditor = 	 {},
  OPTvolume = 	 {},
  OPTnumber = 	 {},
  OPTseries = 	 {},
  OPTaddress = 	 {},
  OPTmonth = 	 {},
  OPTorganization = {},
  OPTpublisher = {},
  OPTnote = 	 {},
  OPTannote = 	 {}
}

@InProceedings{xle,
  author = 	 {Maxwell, John and Kaplan, Ron},
  title = 	 {An Efficient Parser for LFG},
  OPTcrossref =  {},
  OPTkey = 	 {},
  booktitle =	 {Proceedings of the First LFG Conference},
  OPTpages = 	 {},
  year =	 {1996},
  OPTeditor = 	 {},
  OPTvolume = 	 {},
  OPTnumber = 	 {},
  OPTaddress = 	 {},
  OPTmonth = 	 {},
  OPTorganization = {},
  series =	 {CSLI Publications},
  OPTnote = 	 {},
  OPTannote = 	 {}
}

@InProceedings{nomlexplus,
  author = 	 {Adam Meyers and Ruth Reeves and Catherine Macleod and Rachel Szekeley and Veronkia Zielinska and Brian Young},
  title = 	 {The Cross-Breeding of Dictionaries},
  OPTcrossref =  {},
  OPTkey = 	 {},
  booktitle =	 {Proceedings of LREC-2004},
  OPTpages = 	 {},
  year =	 {2004},
  OPTeditor = 	 {},
  OPTvolume = 	 {},
  OPTnumber = 	 {},
  OPTseries = 	 {},
  address =	 {Lisbon, Portugal},
  OPTmonth = 	 {},
  OPTorganization = {},
  OPTpublisher = {},
  OPTnote = 	 {},
  OPTannote = 	 {}
}

@Article{flairs2006,
  author = 	 {O. Gurevich and D. Crouch and T. H. King and Valeria de Paiva},
  title = 	 {Deverbal Nouns in Knowledge Representation},
  journal = 	 {FLAIRS: The Florida Artificial Intelligence Research Society},
  year = 	 {2006},
  OPTkey = 	 {},
  OPTvolume = 	 {},
  OPTnumber = 	 {},
  OPTpages = 	 {},
  month =	 {May},
  OPTnote = 	 {},
  OPTannote = 	 {}
}

@InProceedings{nomlex98,
  author = 	 {Catherine Macleod and Ralph Grishman and Adam Meyers and Leslie Barret and Ruth Reeves},
  title = 	 {NOMLEX: A Lexicon of Nominalizations},
  OPTcrossref =  {},
  OPTkey = 	 {},
  booktitle =	 {Proceedings of Euralex 1998},
  OPTpages = 	 {},
  year =	 {1998},
  OPTeditor = 	 {},
  OPTvolume = 	 {},
  OPTnumber = 	 {},
  OPTseries = 	 {},
  address =	 {Liege, Belgium},
  OPTmonth = 	 {},
  OPTorganization = {},
  OPTpublisher = {},
  OPTnote = 	 {},
  OPTannote = 	 {}
}

@Unpublished{corpusdoportugues,
  author = 	 {Mark Davies and Michael Ferreira},
  title = 	 {Corpus do Portugu\^es: 45 million words, 1300s-1900s.},
  note = 	 {available at \url{http://www.corpusdoportugues.org}},
  OPTkey = 	 {},
  OPTmonth = 	 {},
  OPTyear = 	 {},
  OPTannote = 	 {}
}

@book{wordnet,
  title={WordNet: An electronic lexical database},
  author={Fellbaum, C.},
  year={1998},
  publisher={The MIT press}
}

@Misc{corpusPT,
 author = {Davies, Mark and Michael Ferreira},
 year = {2006--},
 title = {Corpus do Portugu\^es: 45 million words, 1300s-1900s},
 note = {Available online at \url{http://www.corpusdoportugues.org}.}
}

@InProceedings{mam:2011:DIALECTS,
  author    = {Marrafa, Palmira  and  Amaro, Raquel  and  Mendes, Sara},
  title     = {WordNet.PT global -- Extending WordNet.PT to Portuguese varieties},
  booktitle = {Proceedings of the First Workshop on Algorithms and Resources for Modelling of Dialects and Language Varieties},
  month     = {July},
  year      = {2011},
  address   = {Edinburgh, Scotland},
  publisher = {Association for Computational Linguistics},
  pages     = {70--74},
  url       = {http://www.aclweb.org/anthology/W11-2609}
}

@inproceedings{crouch2005,
  title={Unifying lexical resources},
  author={Crouch, D. and King, T.H.},
  booktitle={Proceedings of the Interdisciplinary Workshop on the Identification and Representation of Verb Features and Verb Classes},
  year={2005},
  address = {Saarbruecken, Germany},
}

@article{til2,
  title={Textual inference logic: Take two},
  author={De Paiva, V. and Bobrow, DG and Condoravdi, C. and Crouch, R. and Karttunen, L. and King, TH and Nairn, R. and Zaenen, A.},
  journal={Proceedings of the Workshop on Contexts and Ontologies, Representation and Reasoning},
  pages={27},
  year={2007},
}

@inproceedings{suchanek2007WWW,
 author = {Fabian M. Suchanek and Gjergji Kasneci and Gerhard Weikum},
 title = {{Yago: A Core of Semantic Knowledge}},
 booktitle = {16th international World Wide Web conference (WWW 2007)},
 year = {2007},
 location = {Banff, Canada},
 publisher = {ACM Press},
 address = {New York, NY, USA}
}

@inproceedings{niles2001towards,
  title={Towards a standard upper ontology},
  author={Niles, I. and Pease, A.},
  booktitle={Proceedings of the international conference on Formal Ontology in Information Systems-Volume 2001},
  pages={2--9},
  year={2001},
  organization={ACM}
}

@inproceedings{daude2000mapping,
  title={Mapping wordnets using structural information},
  author={Daud{\'e}, J. and Padr{\'o}, L. and Rigau, G.},
  booktitle={Proceedings of the 38th Annual Meeting on Association for Computational Linguistics},
  pages={504--511},
  year={2000},
  organization={Association for Computational Linguistics},
  note = {\url{http://nlp.lsi.upc.edu/web/index.php?option=com_content&task=view&id=21&Itemid=57}},
}

@inproceedings{de2010menta,
  title={MENTA: inducing multilingual taxonomies from wikipedia},
  author={de Melo, G. and Weikum, G.},
  booktitle={Proceedings of the 19th ACM international conference on Information and knowledge management},
  pages={1099--1108},
  year={2010},
  organization={ACM}
}

@inproceedings{stamou2002balkanet,
  title={BALKANET A Multilingual Semantic Network for the Balkan Languages},
  author={Stamou, S. and Oflazer, K. and Pala, K. and Christoudoulakis, D. and Cristea, D. and Tufis, D. and Koeva, S. and Totkov, G. and Dutoit, D. and Grigoriadou, M.},
  booktitle={Proceedings of the International Wordnet Conference, Mysore, India},
  pages={21--25},
  year={2002}
}

@inproceedings{bento,
 Author = {Dias-Da-Silva, B. C. and Moraes, H. R. and Oliveira, M. F. and Hasegawa, R. and Amorim, D. A. and Paschoalino, C. and Nascimento, A. C.},
 title = {Constru\c{c}\~ao de um thesaurus eletr\^onico para o portugu\^es do Brasil},
 booktitle = {Processamento Computacional do Portugu\^es escrito e falado (Propor)},
 year = 2000,
 vol = 4,
 pages = {1--10},
}

@techreport{carolina,
 title = {Heran\c{c}a Autom\'atica das Rela\c{c}\~oes de Hiper\^onimia para a WordNet.Br},
 author = {Carolina Scarton and Sandra Aluisio},
 year = {2009},
 number = {NILC-TR-09-10},
 address = {Sao Carlos, SP, Brazil},
 institution = {USP},
}

@article{cyc,
  title={CYC: A large-scale investment in knowledge infrastructure},
  author={Lenat, D.B.},
  journal={Communications of the ACM},
  volume={38},
  number={11},
  pages={33--38},
  year={1995},
  publisher={ACM}
}

@incollection{vampire,
   author = {Ganzinger, Harald and Riazanov, Alexandre and Voronkov, Andrei},
   affiliation = {University of Manchester Computer Science Department UK},
   title = {Vampire},
   booktitle = {Automated Deduction — CADE-16},
   series = {Lecture Notes in Computer Science},
   publisher = {Springer Berlin / Heidelberg},
   isbn = {978-3-540-66222-8},
   keyword = {Computer Science},
   pages = {674-674},
   volume = {1632},
   url = {\url{http://dx.doi.org/10.1007/3-540-48660-7_26}},
   year = {1999}
}

@article{benzmueller2010multimodal,
  title={Multimodal and intuitionistic logics in simple type theory},
  author={Benzmueller, C. and Paulson, L.C.},
  journal={Logic Journal of IGPL},
  volume={18},
  number={6},
  pages={881},
  year={2010},
  publisher={Oxford Univ Press}
}

@inproceedings{de2008integrating,
  title={Integrating YAGO into the Suggested Upper Merged Ontology},
  author={De Melo, G. and Suchanek, F. and Pease, A.},
  booktitle={Tools with Artificial Intelligence, 2008. ICTAI'08. 20th IEEE International Conference on},
  volume={1},
  pages={190--193},
  year={2008},
  organization={IEEE}
}

